<?xml version="1.0" encoding="UTF-8"?><collection xmlns="http://www.loc.gov/MARC21/slim"><record><leader>00541nam--2200181-u-4500</leader><controlfield tag="001">000056398</controlfield><controlfield tag="002">20161230</controlfield><controlfield tag="005">20161230201052</controlfield><controlfield tag="008">150813s1000------------r-----000-0-fre-d</controlfield><datafield ind1=" " ind2=" " tag="040"><subfield code="a">IFIN-HH</subfield></datafield><datafield ind1=" " ind2=" " tag="041"><subfield code="a">fre</subfield></datafield><datafield ind1=" " ind2=" " tag="080"><subfield code="a">53(07)</subfield></datafield><datafield ind1="1" ind2=" " tag="100"><subfield code="a">Jamin, M.J</subfield></datafield><datafield ind1="1" ind2="0" tag="245"><subfield code="a">Cours de physique de l'ecole polytechnique. tome quatrieme. ire partie, premiere fascicule. gravitation universelle - electricite statique</subfield><subfield code="c">M.j. jamin</subfield></datafield><datafield ind1=" " ind2=" " tag="250"><subfield code="a">Quatrieme Edition</subfield></datafield><datafield ind1=" " ind2=" " tag="260"><subfield code="a">Paris</subfield><subfield code="b">Gauthier-villars Et Fils</subfield><subfield code="c">1890</subfield></datafield><datafield ind1=" " ind2=" " tag="300"><subfield code="a">406P</subfield></datafield><datafield ind1=" " ind2=" " tag="852"><subfield code="a">76496</subfield></datafield></record></collection>